@inproceedings{Idowu2015,
author = {Idowu, Ibrahim Olatunji and Fergus, Paul and Hussain, Abir and Dobbins, Chelsea and Khalaf, Mohammed and Eslava, Raul V Casana and Keight, Robert},
booktitle = {2015 IEEE International Conference on Computer and Information Technology; Ubiquitous Computing and Communications; Dependable, Autonomic and Secure Computing; Pervasive Intelligence and Computing},
month = {oct},
pages = {215--220},
publisher = {IEEE},
title = {Artificial Intelligence for Detecting Preterm Uterine Activity in Gynecology and Obstetric Care},
url = {http://ieeexplore.ieee.org/document/7363073/},
year = {2015}
}
